@misc{bha17,
	author={Bhatt, Bhargav},
	title={{Math 731: Topis in Algebraic Geometry I -- Abelian Varieties}},
	year={2017},
	note={Lecture notes by Matt Stevenson, available at \href{http://www-personal.umich.edu/~stevmatt/abelian_varieties.pdf}{umich.edu/\raisebox{0.5ex}{\texttildelow}stevmatt}},
}

@misc{con15,
	author={Conrad, Brian},
	title={{Abelian Varieties}},
	year={2015},
	note={Lecture notes by Tony Feng, available at \href{http://math.stanford.edu/~conrad/249CS15Page/handouts/abvarnotes.pdf}{math.stanford.edu/\raisebox{0.5ex}{\texttildelow}conrad}.},
}

@misc{fra18,
	author={Franke, Jens},
	title={{Jacobians of Curves}},
	year={2018},
	note={Lecture notes by Ferdinand Wagner, available at \href{https://github.com/Nicholas42/AlgebraFranke/blob/master/JacobiansOfCurves/Jacobians.pdf}{github.com/Nicholas42/AlgebraFranke}.},
}

@misc{mil08,
	author={Milne, James S.},
	title={{Abelian Varieties (v2.00)}},
	year={2008},
	note={Available at \href{https://www.jmilne.org/math}{jmilne.org/math}.},
}
